<?xml version="1.0" encoding="UTF-8"?><collection xmlns="http://www.loc.gov/MARC21/slim"><record><leader>00365nam--2200145-i-4500</leader><controlfield tag="001">000015668</controlfield><controlfield tag="002">20161230</controlfield><controlfield tag="005">20170220005305</controlfield><controlfield tag="008">060222s1000------------r-----000-0-eng-d</controlfield><datafield ind1=" " ind2=" " tag="245"><subfield code="a">Site moleculare zeolitice</subfield></datafield><datafield ind1=" " ind2=" " tag="260"><subfield code="a">Bucuresti</subfield><subfield code="b">Editura Stiint.Si Encilop</subfield><subfield code="c">1986</subfield></datafield><datafield ind1=" " ind2=" " tag="300"><subfield code="a">462 p</subfield></datafield><datafield ind1=" " ind2=" " tag="700"><subfield code="a">Cruceanu, Mihai</subfield></datafield><datafield ind1=" " ind2=" " tag="852"><subfield code="a">66.097</subfield></datafield><datafield ind1=" " ind2=" " tag="CAT"><subfield code="a">SYS</subfield><subfield code="c">20170220</subfield><subfield code="h">005305</subfield></datafield></record></collection>